<?xml version="1.0" encoding="UTF-8"?><collection xmlns="http://www.loc.gov/MARC21/slim"><record><leader>00372nam--2200121-i-4500</leader><controlfield tag="001">000046463</controlfield><controlfield tag="002">20161230</controlfield><controlfield tag="005">20161230201046</controlfield><controlfield tag="008">060222s1000------------r-----000-0-eng-d</controlfield><datafield ind1=" " ind2=" " tag="080"><subfield code="a">621.039.9</subfield></datafield><datafield ind1=" " ind2=" " tag="245"><subfield code="a">Utilisation de l`energie atomique a des fins pacifiques dans la republique populaire roumaine</subfield></datafield><datafield ind1=" " ind2=" " tag="260"><subfield code="a">Bucarest, /Inst.De Physique Atomique/, 1958, 48p</subfield></datafield><datafield ind1=" " ind2=" " tag="852"><subfield code="a">37728</subfield></datafield></record></collection>